@unpublished{dibernardotesi,
	title={Transmission Error Detector per Wi-Fi su kernel linux 4.0},
	author={Gabriele Di Bernardo},
	note={\url{http://amslaurea.unibo.it/8982/1/dibernardo_gabriele_tesi.pdf}},
	year={2015}
}
@unpublished{mengolitesi,
	title={Un' approccio cross-layer all’affidabilità guidata dalle applicazioni},
	author={Alessandro Mengoli},
	note={\url{http://amslaurea.unibo.it/8981/1/mengoli_alessandro_tesi.pdf}},
	year={2015}
}
@article{abps,
  title={Always Best Packet Switching: the Mobile VoIP Case Study},
  author={Ghini, Vittorio and Lodi, Giorgia and Panzieri, Fabio},
  journal={Journal of communications},
  volume={4},
  number={9},
  pages={700--713},
  year={2009}
}
@article{rfc2460,
  title={Internet protocol, version 6 (IPv6) specification},
  author={Deering, Stephen E},
  year={1998}
}
@inproceedings{polling1,
	title={Comparing and evaluating epoll, select, and poll event mechanisms},
	author={Gammo, Louay and Brecht, Tim and Shukla, Amol and Pariag, David},
	booktitle={Linux Symposium},
	volume={1},
	year={2004}
}
@manual{polling2,
	title={select / poll / epoll: practical difference for system architects},
	year={2014},
	note={\url{http://www.ulduzsoft.com/2014/01/select-poll-epoll-practical-difference-for-system-architects}}
}

