@manual{kernelcompilation,
	title={Kernels/Traditional compilation},
	note={\url{http://web.archive.org/web/20161107160059/https://wiki.archlinux.org/index.php/Kernels/Traditional_compilation}}
}

@manual{kernelcompilation2,
	title={KernelBuild},
	note={\url{http://web.archive.org/web/20160825174928/https://kernelnewbies.org/KernelBuild}}
}

@misc{androiddev,
	title={Android NDK Downloads Page},
	note={\url{https://developer.android.com/ndk/downloads/index.html}}
}

@misc{superuser,
	title={Superuser},
	note={\url{https://github.com/koush/Superuser}}
}

@misc{twrp,
	title={TWRP},
	note={\url{https://twrp.me/about}}
}

@misc{androidkernel,
	title={Building Kernels},
	note={\url{http://web.archive.org/web/20161021065948/http://source.android.com/source/building-kernels.html}}
}

@misc{androidboot,
	title={Booting Android},
	note={\url{http://www.slideshare.net/chrissimmonds/android-bootslides20}}
}

@misc{bootextract,
	title={boot-extract},
	note={\url{https://github.com/csimmonds/boot-extract}}
}

@misc{firmwarerepo,
	title={linux firmware},
	note={\url{http://git.kernel.org/cgit/linux/kernel/git/firmware/linux-firmware.git}}
}
